@book{Chubb77,
    TITLE="How to Operate Your Model Railroad",
    AUTHOR="Bruce Chubb", EDITOR="Mike Schafer",
    PUBLISHER="Kalmbach Books",
    YEAR="1977, 1978, 1991"}

@book{Chubb89,
    TITLE="Build Your Own Universal Computer Interface",
    AUTHOR="Bruce Chubb",
    PUBLISHER="Tab Books",
    YEAR=1989}

@misc{Chubb04,
    TITLE="Downloadable SMINI Information Package",
    AUTHOR="Bruce Chubb",
    YEAR=2004,
    PUBLISHER="JLC Enterprises Inc.",
    HOWPUBLISHED="On the web at the URL: \url{http://www.jlcenterprises.net/Files/SMINI%20Information%20Package.zip}."}

@misc{ChubbBAS04,
    TITLE="USTPQB.TXT",
    AUTHOR="Bruce Chubb",
    YEAR=2004,
    PUBLISHER="JLC Enterprises Inc.",
    HOWPUBLISHED="On the web at the URL: \url{http://www.jlcenterprises.net/Files/USTPQB.TXT}."}

@article{ChubbMRJan04,
    TITLE="Signaling Make Easier, Part 1",
    AUTHOR="Bruce Chubb",
    YEAR=2004,
    PUBLISHER="Kalmbach Books",
    JOURNAL="Model Railroader",
    MONTH="Janurary",
    PAGES="130-134"}

@article{ChubbMRFeb04,
    TITLE="Signaling Make Easier, Part 2",
    AUTHOR="Bruce Chubb",
    YEAR=2004,
    PUBLISHER="Kalmbach Books",
    JOURNAL="Model Railroader",
    MONTH="Feburary",
    PAGES="68-73"}

@article{ChubbMRMar04,
    TITLE="Signaling Make Easier, Part 3",
    AUTHOR="Bruce Chubb",
    YEAR=2004,
    PUBLISHER="Kalmbach Books",
    JOURNAL="Model Railroader",
    MONTH="March",
    PAGES="86-91"}

@article{ChubbMRApr04,
    TITLE="Signaling Make Easier, Part 4",
    AUTHOR="Bruce Chubb",
    YEAR=2004,
    PUBLISHER="Kalmbach Books",
    JOURNAL="Model Railroader",
    MONTH="April",
    PAGES="78-81"}

@misc{FinnApr04,
    TITLE="Make Circle",
    AUTHOR="John Finn",
    YEAR=2004,
    PUBLISHER="Deepwoods Software",
    HOWPUBLISHED="Included Additional PDF file named Finn.pdf"}

@book{Xpress03,
    TITLE="XpressNet Specification",
    AUTHOR="Lenz Elektronik GMBH",
    YEAR=2003,
    PUBLISHER="Lenz Elektronik GMBH",
    HOWPUBLISHED="Available for download from \url{http://www.lenz.com/}"}

@book{Chubb77,
    TITLE="How to Operate Your Model Railroad",
    AUTHOR="Bruce A. Chubb", EDITOR="Mike Schafer",
    PUBLISHER="Kalmbach Books",
    YEAR="1977, 1978, 1991"}

